@article{augustson_brun_toomre_2010, title={Convection and dynamo action in B stars}, volume={6}, DOI={10.1017/S1743921311017790}, number={S271}, journal={Proceedings of the International Astronomical Union}, publisher={Cambridge University Press}, author={Augustson, Kyle C. and Brun, Allan S. and Toomre, Juri}, year={2010}, pages={361â€“362}}
